@inproceedings{NIPS2016_0bf727e9,
 author = {Abernethy, Jacob D and Amin, Kareem and Zhu, Ruihao},
 booktitle = {Advances in Neural Information Processing Systems},
 editor = {D. Lee and M. Sugiyama and U. Luxburg and I. Guyon and R. Garnett},
 pages = {},
 publisher = {Curran Associates, Inc.},
 title = {Threshold Bandits, With and Without Censored Feedback},
 url = {https://proceedings.neurips.cc/paper_files/paper/2016/file/0bf727e907c5fc9d5356f11e4c45d613-Paper.pdf},
 volume = {29},
 year = {2016}
}
@misc{badanidiyuru2021learning,
      title={Learning to Bid in Contextual First Price Auctions}, 
      author={Ashwinkumar Badanidiyuru and Zhe Feng and Guru Guruganesh},
      year={2021},
      eprint={2109.03173},
      archivePrefix={arXiv},
      primaryClass={cs.LG}
}
@misc{zhang2023learning,
      title={Learning Thresholds with Latent Values and Censored Feedback}, 
      author={Jiahao Zhang and Tao Lin and Weiqiang Zheng and Zhe Feng and Yifeng Teng and Xiaotie Deng},
      year={2023},
      eprint={2312.04653},
      archivePrefix={arXiv},
      primaryClass={cs.LG}
}